%% LaTeX2e file `mybibfile.bib'
%% generated by the `filecontents' environment
%% from source `Banff' on 2025/04/30.
%%
    @article{grayson1984reduction,
  title     = {Reduction theory using semistability},
  author    = {Grayson, Daniel R},
  journal   = {Commentarii Mathematici Helvetici},
  volume    = {59},
  number    = {1},
  pages     = {600--634},
  year      = {1984},
  publisher = {Springer}
}


@inproceedings{chaudouard2016variante,
  title        = {Sur une variante des troncatures dâ€™Arthur},
  author       = {Chaudouard, Pierre-Henri},
  booktitle    = {Simons Symposium on the Trace Formula},
  pages        = {85--120},
  year         = {2016},
  organization = {Springer}
}


@article{borek2005successive,
  title     = {Successive minima and slopes of Hermitian vector bundles over number fields},
  author    = {Borek, Thomas},
  journal   = {Journal of Number Theory},
  volume    = {113},
  number    = {2},
  pages     = {380--388},
  year      = {2005},
  publisher = {Elsevier}
}



@article{casselman2004stability,
  title  = {Stability of lattices and the partition of arithmetic quotients},
  author = {Casselman, Bill},
  year   = {2004}
}
    
